<?xml version="1.0" encoding="UTF-8"?><record xmlns="http://www.loc.gov/MARC21/slim" xmlns:cinclude="http://apache.org/cocoon/include/1.0" xmlns:zs="http://www.loc.gov/zing/srw/">
  <leader>00480cz  a2200145n  4500</leader>
  <controlfield tag="001">n  90604887 </controlfield>
  <controlfield tag="003">DLC</controlfield>
  <controlfield tag="005">20000707064445.0</controlfield>
  <controlfield tag="008">900123n| acannaabn          |a aaa     c</controlfield>
  <datafield tag="010" ind1=" " ind2=" ">
    <subfield code="a">n  90604887 </subfield>
  </datafield>
  <datafield tag="035" ind1=" " ind2=" ">
    <subfield code="a">(OCoLC)oca02677629</subfield>
  </datafield>
  <datafield tag="040" ind1=" " ind2=" ">
    <subfield code="a">TxU</subfield>
    <subfield code="b">eng</subfield>
    <subfield code="c">TxU</subfield>
    <subfield code="d">OCoLC</subfield>
  </datafield>
  <datafield tag="100" ind1="1" ind2=" ">
    <subfield code="a">Vargas Llosa, Mario,</subfield>
    <subfield code="d">1936-</subfield>
    <subfield code="t">Quie휍혖n mato휍혖 a Palomino Molero?</subfield>
    <subfield code="l">German</subfield>
  </datafield>
  <datafield tag="400" ind1="1" ind2=" ">
    <subfield code="a">Vargas Llosa, Mario,</subfield>
    <subfield code="d">1936-</subfield>
    <subfield code="t">Wer hat Palomino Molero umgebracht?</subfield>
  </datafield>
  <datafield tag="670" ind1=" " ind2=" ">
    <subfield code="a">His Wer hat Palomino Molero umgebracht? 1988.</subfield>
  </datafield>
</record>